%YAML 1.1
%TAG !u! tag:unity3d.com,2011:
--- !u!1 &5750772566279039
GameObject:
  m_ObjectHideFlags: 0
  m_CorrespondingSourceObject: {fileID: 0}
  m_PrefabInstance: {fileID: 0}
  m_PrefabAsset: {fileID: 0}
  serializedVersion: 6
  m_Component:
  - component: {fileID: 5750772566279038}
  - component: {fileID: 5750772566279035}
  - component: {fileID: 5750772566279036}
  m_Layer: 10
  m_Name: FurnitureObject_2x1_Bed
  m_TagString: Untagged
  m_Icon: {fileID: 0}
  m_NavMeshLayer: 0
  m_StaticEditorFlags: 0
  m_IsActive: 1
--- !u!4 &5750772566279038
Transform:
  m_ObjectHideFlags: 0
  m_CorrespondingSourceObject: {fileID: 0}
  m_PrefabInstance: {fileID: 0}
  m_PrefabAsset: {fileID: 0}
  m_GameObject: {fileID: 5750772566279039}
  m_LocalRotation: {x: 0, y: 0, z: 0, w: 1}
  m_LocalPosition: {x: -4.0001507, y: 0, z: 1.3204892}
  m_LocalScale: {x: 1, y: 1, z: 1}
  m_Children:
  - {fileID: 3103446850447047240}
  - {fileID: 3786558353332276155}
  m_Father: {fileID: 0}
  m_RootOrder: 0
  m_LocalEulerAnglesHint: {x: 0, y: 0, z: 0}
--- !u!114 &5750772566279035
MonoBehaviour:
  m_ObjectHideFlags: 0
  m_CorrespondingSourceObject: {fileID: 0}
  m_PrefabInstance: {fileID: 0}
  m_PrefabAsset: {fileID: 0}
  m_GameObject: {fileID: 5750772566279039}
  m_Enabled: 1
  m_EditorHideFlags: 0
  m_Script: {fileID: 11500000, guid: 9eb94068fb4517f47a5807081964a4e2, type: 3}
  m_Name: 
  m_EditorClassIdentifier: 
  size: {x: 2, y: 1}
  coveredSlots: []
  collider: {fileID: 5750772566279036}
  targetPos: {x: 0, y: 0, z: 0}
--- !u!65 &5750772566279036
BoxCollider:
  m_ObjectHideFlags: 0
  m_CorrespondingSourceObject: {fileID: 0}
  m_PrefabInstance: {fileID: 0}
  m_PrefabAsset: {fileID: 0}
  m_GameObject: {fileID: 5750772566279039}
  m_Material: {fileID: 0}
  m_IsTrigger: 1
  m_Enabled: 1
  serializedVersion: 2
  m_Size: {x: 1, y: 0.5, z: 1}
  m_Center: {x: 0, y: 0.25, z: 0}
--- !u!1 &1436065005563338490
GameObject:
  m_ObjectHideFlags: 0
  m_CorrespondingSourceObject: {fileID: 0}
  m_PrefabInstance: {fileID: 0}
  m_PrefabAsset: {fileID: 0}
  serializedVersion: 6
  m_Component:
  - component: {fileID: 3786558353332276155}
  - component: {fileID: 6869655984463081894}
  - component: {fileID: 6567519961025489175}
  - component: {fileID: 5498364090301630188}
  m_Layer: 10
  m_Name: Cube
  m_TagString: Untagged
  m_Icon: {fileID: 0}
  m_NavMeshLayer: 0
  m_StaticEditorFlags: 0
  m_IsActive: 0
--- !u!4 &3786558353332276155
Transform:
  m_ObjectHideFlags: 0
  m_CorrespondingSourceObject: {fileID: 0}
  m_PrefabInstance: {fileID: 0}
  m_PrefabAsset: {fileID: 0}
  m_GameObject: {fileID: 1436065005563338490}
  m_LocalRotation: {x: 0, y: 0, z: 0, w: 1}
  m_LocalPosition: {x: 0.5, y: 0.25, z: 0}
  m_LocalScale: {x: 2, y: 0.5, z: 1}
  m_Children: []
  m_Father: {fileID: 5750772566279038}
  m_RootOrder: 1
  m_LocalEulerAnglesHint: {x: 0, y: 0, z: 0}
--- !u!33 &6869655984463081894
MeshFilter:
  m_ObjectHideFlags: 0
  m_CorrespondingSourceObject: {fileID: 0}
  m_PrefabInstance: {fileID: 0}
  m_PrefabAsset: {fileID: 0}
  m_GameObject: {fileID: 1436065005563338490}
  m_Mesh: {fileID: 10202, guid: 0000000000000000e000000000000000, type: 0}
--- !u!23 &6567519961025489175
MeshRenderer:
  m_ObjectHideFlags: 0
  m_CorrespondingSourceObject: {fileID: 0}
  m_PrefabInstance: {fileID: 0}
  m_PrefabAsset: {fileID: 0}
  m_GameObject: {fileID: 1436065005563338490}
  m_Enabled: 1
  m_CastShadows: 1
  m_ReceiveShadows: 1
  m_DynamicOccludee: 1
  m_MotionVectors: 1
  m_LightProbeUsage: 1
  m_ReflectionProbeUsage: 1
  m_RayTracingMode: 2
  m_RayTraceProcedural: 0
  m_RenderingLayerMask: 1
  m_RendererPriority: 0
  m_Materials:
  - {fileID: 2100000, guid: 4f574a41a1fe1d248a748169421d9fc5, type: 2}
  m_StaticBatchInfo:
    firstSubMesh: 0
    subMeshCount: 0
  m_StaticBatchRoot: {fileID: 0}
  m_ProbeAnchor: {fileID: 0}
  m_LightProbeVolumeOverride: {fileID: 0}
  m_ScaleInLightmap: 1
  m_ReceiveGI: 1
  m_PreserveUVs: 0
  m_IgnoreNormalsForChartDetection: 0
  m_ImportantGI: 0
  m_StitchLightmapSeams: 1
  m_SelectedEditorRenderState: 3
  m_MinimumChartSize: 4
  m_AutoUVMaxDistance: 0.5
  m_AutoUVMaxAngle: 89
  m_LightmapParameters: {fileID: 0}
  m_SortingLayerID: 0
  m_SortingLayer: 0
  m_SortingOrder: 0
  m_AdditionalVertexStreams: {fileID: 0}
--- !u!65 &5498364090301630188
BoxCollider:
  m_ObjectHideFlags: 0
  m_CorrespondingSourceObject: {fileID: 0}
  m_PrefabInstance: {fileID: 0}
  m_PrefabAsset: {fileID: 0}
  m_GameObject: {fileID: 1436065005563338490}
  m_Material: {fileID: 0}
  m_IsTrigger: 0
  m_Enabled: 1
  serializedVersion: 2
  m_Size: {x: 1, y: 1, z: 1}
  m_Center: {x: 0, y: 0, z: 0}
--- !u!1001 &3103446850447171784
PrefabInstance:
  m_ObjectHideFlags: 0
  serializedVersion: 2
  m_Modification:
    m_TransformParent: {fileID: 5750772566279038}
    m_Modifications:
    - target: {fileID: 100000, guid: 7a9befa7ba05ccb4aad2d4141c963f07, type: 3}
      propertyPath: m_Name
      value: bunk
      objectReference: {fileID: 0}
    - target: {fileID: 400000, guid: 7a9befa7ba05ccb4aad2d4141c963f07, type: 3}
      propertyPath: m_LocalPosition.x
      value: 0.5009999
      objectReference: {fileID: 0}
    - target: {fileID: 400000, guid: 7a9befa7ba05ccb4aad2d4141c963f07, type: 3}
      propertyPath: m_LocalPosition.y
      value: 0.541
      objectReference: {fileID: 0}
    - target: {fileID: 400000, guid: 7a9befa7ba05ccb4aad2d4141c963f07, type: 3}
      propertyPath: m_LocalPosition.z
      value: 0.0039999485
      objectReference: {fileID: 0}
    - target: {fileID: 400000, guid: 7a9befa7ba05ccb4aad2d4141c963f07, type: 3}
      propertyPath: m_LocalRotation.x
      value: -0
      objectReference: {fileID: 0}
    - target: {fileID: 400000, guid: 7a9befa7ba05ccb4aad2d4141c963f07, type: 3}
      propertyPath: m_LocalRotation.y
      value: -0.70710707
      objectReference: {fileID: 0}
    - target: {fileID: 400000, guid: 7a9befa7ba05ccb4aad2d4141c963f07, type: 3}
      propertyPath: m_LocalRotation.z
      value: -0
      objectReference: {fileID: 0}
    - target: {fileID: 400000, guid: 7a9befa7ba05ccb4aad2d4141c963f07, type: 3}
      propertyPath: m_LocalRotation.w
      value: 0.70710653
      objectReference: {fileID: 0}
    - target: {fileID: 400000, guid: 7a9befa7ba05ccb4aad2d4141c963f07, type: 3}
      propertyPath: m_RootOrder
      value: 0
      objectReference: {fileID: 0}
    - target: {fileID: 400000, guid: 7a9befa7ba05ccb4aad2d4141c963f07, type: 3}
      propertyPath: m_LocalEulerAnglesHint.x
      value: 0
      objectReference: {fileID: 0}
    - target: {fileID: 400000, guid: 7a9befa7ba05ccb4aad2d4141c963f07, type: 3}
      propertyPath: m_LocalEulerAnglesHint.y
      value: 0
      objectReference: {fileID: 0}
    - target: {fileID: 400000, guid: 7a9befa7ba05ccb4aad2d4141c963f07, type: 3}
      propertyPath: m_LocalEulerAnglesHint.z
      value: 0
      objectReference: {fileID: 0}
    - target: {fileID: 400000, guid: 7a9befa7ba05ccb4aad2d4141c963f07, type: 3}
      propertyPath: m_LocalScale.x
      value: 1.8211536
      objectReference: {fileID: 0}
    - target: {fileID: 400000, guid: 7a9befa7ba05ccb4aad2d4141c963f07, type: 3}
      propertyPath: m_LocalScale.y
      value: 2.2767267
      objectReference: {fileID: 0}
    - target: {fileID: 400000, guid: 7a9befa7ba05ccb4aad2d4141c963f07, type: 3}
      propertyPath: m_LocalScale.z
      value: 1.8211536
      objectReference: {fileID: 0}
    m_RemovedComponents: []
  m_SourcePrefab: {fileID: 100100000, guid: 7a9befa7ba05ccb4aad2d4141c963f07, type: 3}
--- !u!4 &3103446850447047240 stripped
Transform:
  m_CorrespondingSourceObject: {fileID: 400000, guid: 7a9befa7ba05ccb4aad2d4141c963f07,
    type: 3}
  m_PrefabInstance: {fileID: 3103446850447171784}
  m_PrefabAsset: {fileID: 0}
